@article{Overbye2004,
    title = {{A comparison of the AC and DC power flow models for LMP calculations}},
    year = {2004},
    journal = {37th Annual Hawaii International Conference on System Sciences, 2004. Proceedings of the},
    author = {Overbye, T.J. and {Xu Cheng} and {Yan Sun}},
    number = {C},
    pages = {9 pp.},
    volume = {00},
    url = {http://ieeexplore.ieee.org/document/1265164/},
    isbn = {0-7695-2056-1},
    doi = {10.1109/HICSS.2004.1265164},
    issn = {10603425},
    arxivId = {1512.01436}
}

@article{Baez2015,
    title = {{A Compositional Framework for Passive Linear Networks}},
    year = {2015},
    author = {Baez, John C. and Fong, Brendan},
    pages = {1--54},
    url = {http://arxiv.org/abs/1504.05625},
    isbn = {2211-9264},
    doi = {10.1016/j.algal.2016.11.023},
    arxivId = {1504.05625}
}

@book{GarlingVolI,
    title = {{A course in mathematical analysis. Volume I, Foundations and elementary real analysis}},
    year = {2013},
    author = {Garling, D. J. H.},
    pages = {300},
    publisher = {Cambridge University Press},
    url = {https://ru.on.worldcat.org/oclc/890701054},
    address = {Cambridge},
    isbn = {9781107614185}
}

@book{GarlingVolII,
    title = {{A course in mathematical analysis. Volume II, Metric and topological spaces, functions of a vector variable}},
    year = {2013},
    author = {Garling, D. J. H.},
    pages = {313},
    publisher = {Cambridge University Press},
    url = {https://ru.on.worldcat.org/oclc/882446586},
    address = {Cambridge},
    isbn = {9781107675322}
}

@book{GarlingVolIII,
    title = {{A course in mathematical analysis. Volume III, Complex analysis, measure and integration}},
    year = {2014},
    author = {Garling, D. J. H.},
    publisher = {Cambridge University Press},
    url = {https://ru.on.worldcat.org/oclc/879151838},
    address = {Cambridge},
    isbn = {110766330X}
}

@article{Coffrin2014,
    title = {{A linear-programming approximation of AC power flows}},
    year = {2014},
    journal = {INFORMS Journal on Computing},
    author = {Coffrin, Carleton and Van Hentenryck, Pascal},
    number = {4},
    month = {11},
    pages = {718--734},
    volume = {26},
    publisher = {INFORMS},
    url = {http://pubsonline.informs.org/doi/abs/10.1287/ijoc.2014.0594},
    isbn = {1091-9856},
    doi = {10.1287/ijoc.2014.0594},
    issn = {15265528},
    arxivId = {1206.3614},
    keywords = {AC power flow, Capacitor placement, DC power flow, LP power flow, Polyhedral relaxation, Power system analysis, Power system restoration}
}

@article{Walsh2011,
    title = {{A low mass for Mars from Jupiter's early gas-driven migration}},
    year = {2011},
    journal = {Nature},
    author = {Walsh, Kevin J and Morbidelli, Alessandro and Raymond, Sean N and O'Brien, David P. and Mandell, Avi M},
    number = {7355},
    pages = {206--209},
    volume = {475},
    url = {http://www.nature.com/nature/journal/v475/n7355/pdf/nature10201.pdf},
    isbn = {0028-0836},
    doi = {10.1038/nature10201},
    issn = {00280836},
    pmid = {21642961},
    arxivId = {1201.5177}
}

@unpublished{Beck2003,
    title = {{A Meshalkin theorem for projective geometries}},
    year = {2003},
    booktitle = {Journal of Combinatorial Theory. Series A},
    author = {Beck, Matthias and Zaslavsky, Thomas},
    number = {2},
    pages = {433--441},
    volume = {102},
    doi = {10.1016/S0097-3165(03)00049-9},
    issn = {00973165},
    keywords = {Antichain, LYM inequality, Meshalkin's theorem, Sperner's theorem, r-chain-free, r-family}
}

@article{Huppatz2008,
    title = {{A norovirus outbreak associated with consumption of NSW oysters: implications for quality assurance systems.}},
    year = {2008},
    journal = {Communicable diseases intelligence quarterly report},
    author = {Huppatz, Clare and Munnoch, Sally A and Worgan, Tory and Merritt, Tony D and Dalton, Craig and Kelly, Paul M and Durrheim, David N},
    number = {1},
    month = {3},
    pages = {88--91},
    volume = {32},
    url = {http://www.ncbi.nlm.nih.gov/pubmed/18522310},
    isbn = {0725-3141 (Print){\textbackslash}r0725-3141 (Linking)},
    issn = {1447-4514},
    pmid = {18522310}
}

@article{Ahmed2013,
    title = {{A Systematic Review and Meta-Analysis of the Global Seasonality of Norovirus}},
    year = {2013},
    journal = {PLoS ONE},
    author = {Ahmed, Sharia M. and Lopman, Benjamin A. and Levy, Karen},
    editor = {Vespignani, Alessandro},
    number = {10},
    month = {10},
    pages = {e75922},
    volume = {8},
    publisher = {Public Library of Science},
    url = {http://dx.plos.org/10.1371/journal.pone.0075922},
    isbn = {1932-6203 (Electronic){\textbackslash}r1932-6203 (Linking)},
    doi = {10.1371/journal.pone.0075922},
    issn = {19326203},
    pmid = {24098406}
}

@article{Garcia2016,
    title = {{Acute gastroenteritis and its impact on the quality of life of parents and children}},
    year = {2016},
    journal = {Int J Gastroenterol Hepatol Transpl Nutr},
    author = {Garcia, Jacqueline V and Menelia, Portia and Monreal, D and Tuazon, Mylah L},
    number = {iv},
    pages = {27--35},
    volume = {1},
    url = {http://journal.pghtn.com/wp-content/uploads/2017/02/06.-IJGHTN.pdf},
    issn = {2455–9393}
}

@article{Milano2005,
    title = {{An Open Source Power System Analysis Toolbox}},
    year = {2005},
    journal = {IEEE Transactions on Power Systems},
    author = {Milano, Federico},
    number = {3},
    month = {8},
    pages = {1199--1206},
    volume = {20},
    url = {http://ieeexplore.ieee.org/document/1490569/},
    doi = {10.1109/TPWRS.2005.851911}
}

@phdthesis{Cetinay-iyicil2018,
    title = {{Analysis and planning of power grids: A network perspective}},
    year = {2018},
    booktitle = {TU Delft University},
    author = {{\c{C}}etinay-iyicil, H.},
    url = {https://doi.org/10.4233/uuid:97657389-0ee5-4de7-82b6-6647470160a5},
    school = {Delft University of Technology},
    doi = {10.4233/uuid:97657389-0ee5-4de7-82b6-6647470160a5}
}

@article{Kinoshita2011,
    title = {{Assessment of individual radionuclide distributions from the Fukushima nuclear accident covering central-east Japan.}},
    year = {2011},
    journal = {Proceedings of the National Academy of Sciences of the United States of America},
    author = {Kinoshita, Norikazu and Sueki, Keisuke and Sasa, Kimikazu and Kitagawa, Jun-ichi and Ikarashi, Satoshi and Nishimura, Tomohiro and Wong, Ying-Shee and Satou, Yukihiko and Handa, Koji and Takahashi, Tsutomu and Sato, Masanori and Yamagata, Takeyasu},
    number = {49},
    month = {12},
    pages = {19526--9},
    volume = {108},
    url = {http://www.pubmedcentral.nih.gov/articlerender.fcgi?artid=3241760&tool=pmcentrez&rendertype=abstract},
    isbn = {1091-6490 (Electronic){\textbackslash}r0027-8424 (Linking)},
    doi = {10.1073/pnas.1111724108},
    issn = {1091-6490},
    pmid = {22084070},
    keywords = {Cesium Radioisotopes, Cesium Radioisotopes: analysis, Earthquakes, Gamma, Geography, Iodine Radioisotopes, Iodine Radioisotopes: analysis, Japan, Nuclear Reactors, Radioactive, Radioactive Fallout, Radioactive Fallout: analysis, Radioactive Hazard Release, Radioactive: analysis, Radioisotopes, Radioisotopes: analysis, Soil, Soil Pollutants, Soil: analysis, Spectrometry}
}

@book{huelsman1963circuits,
    title = {{Circuits, matrices and linear vector spaces}},
    year = {2011},
    author = {Huelsman, Lawrence P.},
    edition = {Dover ed.},
    pages = {281},
    publisher = {Dover Publications},
    url = {https://www.worldcat.org/title/circuits-matrices-and-linear-vector-spaces/oclc/721885911&referer=brief_results},
    address = {Mineola N.Y.},
    isbn = {9780486485348}
}

@article{Ronellenfitsch2017,
    title = {{Dual Theory of Transmission Line Outages}},
    year = {2017},
    journal = {IEEE Transactions on Power Systems},
    author = {Ronellenfitsch, Henrik and Manik, Debsankha and H{\"{o}}rsch, Jonas and Brown, Tom and Witthaut, Dirk},
    number = {5},
    month = {9},
    pages = {4060--4068},
    volume = {32},
    url = {http://ieeexplore.ieee.org/document/7831465/},
    doi = {10.1109/TPWRS.2017.2658022}
}

@misc{YahiaBaghzouz2012,
    title = {{EE 340-Transmission Lines}},
    year = {2012},
    author = {Yahia Baghzouz, P.E.},
    url = {http://www.egr.unlv.edu/~eebag/T-lines.pdf}
}

@article{Sperner1928,
    title = {{Ein Satz ??ber Untermengen einer endlichen Menge}},
    year = {1928},
    journal = {Mathematische Zeitschrift},
    author = {Sperner, Emanuel},
    number = {1},
    month = {12},
    pages = {544--548},
    volume = {27},
    publisher = {Springer-Verlag},
    url = {http://link.springer.com/10.1007/BF01171114},
    doi = {10.1007/BF01171114},
    issn = {00255874}
}

@book{Kirtley2010,
    title = {{Electric power principles: sources, conversion, distribution, and use}},
    year = {2010},
    author = {Kirtley, James L.},
    publisher = {John Wiley {\&} Sons, Ltd},
    url = {https://books.google.nl/books?id=YY9TGX11En8C&printsec=frontcover&dq=kirtley+power+systems&hl=en&sa=X&ved=0ahUKEwjV5K73u6TgAhVJUhoKHXxgAOEQ6wEIKzAA#v=onepage&q=kirtley power systems&f=false},
    isbn = {1119957443}
}

@book{VonMeier2006,
    title = {{Electric Power Systems}},
    year = {2006},
    author = {von Meier, Alexandra},
    month = {7},
    publisher = {John Wiley {\&} Sons, Inc.},
    url = {http://doi.wiley.com/10.1002/0470036427},
    address = {Hoboken, NJ, USA},
    isbn = {9780470036426},
    doi = {10.1002/0470036427}
}

@article{Nesti2018emergentfailures,
    title = {{Emergent Failures and Cascades in Power Grids: A Statistical Physics Perspective}},
    year = {2018},
    journal = {Physical Review Letters},
    author = {Nesti, Tommaso and Zocca, Alessandro and Zwart, Bert},
    number = {25},
    month = {6},
    pages = {258301},
    volume = {120},
    publisher = {American Physical Society},
    url = {https://link.aps.org/doi/10.1103/PhysRevLett.120.258301},
    doi = {10.1103/PhysRevLett.120.258301},
    issn = {10797114},
    arxivId = {1709.10166}
}

@article{Scott1974,
    title = {{Fast Decoupled Load Flow}},
    year = {1974},
    journal = {IEEE Transactions on Power Apparatus and Systems},
    author = {Stott, B and Alsac, O},
    number = {3},
    month = {5},
    pages = {859--869},
    volume = {PAS-93},
    doi = {10.1109/TPAS.1974.293985},
    issn = {0018-9510},
    keywords = {Application software, Computer network reliability, Error correction, Gaussian processes, Laboratories, Load flow, Newton method, Power system planning, Power system reliability, Voltage}
}

@book{Garmanik2009,
    title = {{Fundamentals of Probability}},
    year = {2009},
    booktitle = {MIT Open CourseWare},
    author = {Garmanik, David},
    publisher = {MIT Open CourseWare},
    url = {https://ocw.mit.edu/courses/electrical-engineering-and-computer-science/6-436j-fundamentals-of-probability-fall-2008/index.htm}
}

@article{Bartsch2016,
    title = {{Global economic burden of norovirus gastroenteritis}},
    year = {2016},
    journal = {PLoS ONE},
    author = {Bartsch, Sarah M. and Lopman, Benjamin A. and Ozawa, Sachiko and Hall, Aron J. and Lee, Bruce Y.},
    editor = {Olson, Donald R.},
    number = {4},
    month = {4},
    pages = {e0151219},
    volume = {11},
    publisher = {World Health Organization},
    url = {http://dx.plos.org/10.1371/journal.pone.0151219},
    isbn = {1932-6203 (Electronic){\textbackslash}r1932-6203 (Linking)},
    doi = {10.1371/journal.pone.0151219},
    issn = {19326203},
    pmid = {27115736},
    arxivId = {arXiv:1011.1669v3}
}

@article{Raila2017,
    title = {{Healthcare waste management during disasters and its effects on climate change: Lessons from 2010 earthquake and cholera tragedies in Haiti}},
    year = {2017},
    journal = {Waste Management {\&} Research},
    author = {Raila, Emilia M and Anderson, David O},
    number = {3},
    month = {3},
    pages = {236--245},
    volume = {35},
    publisher = {SAGE PublicationsSage UK: London, England},
    url = {http://journals.sagepub.com/doi/10.1177/0734242X16682312},
    doi = {10.1177/0734242X16682312},
    issn = {0734-242X},
    keywords = {Healthcare waste, black carbon emissions, climate change, disaster, incineration, smoke}
}

@article{Moore2015,
    title = {{Human Norovirus as a Foodborne Pathogen: Challenges and Developments}},
    year = {2015},
    journal = {Annual Review of Food Science and Technology},
    author = {Moore, Matthew D. and Goulter, Rebecca M. and Jaykus, Lee-Ann},
    number = {1},
    month = {4},
    pages = {411--433},
    volume = {6},
    publisher = {Annual Reviews},
    url = {http://www.annualreviews.org/doi/10.1146/annurev-food-022814-015643 www.annualreviews.org},
    isbn = {1941-1413 (Print) 1941-1421 (Linking)},
    doi = {10.1146/annurev-food-022814-015643},
    issn = {1941-1413},
    pmid = {25884284},
    keywords = {cell culture, detection, epidemiology, evolution, infectivity}
}

@book{Thurner2018,
    title = {{Introduction to the theory of complex systems}},
    year = {2018},
    author = {Thurner, Stefan and Hanel, R. A. and Klimek, Peter},
    edition = {First},
    pages = {431},
    publisher = {Oxford University Press},
    address = {New York},
    isbn = {9780198821939}
}

@book{Dembo1994,
    title = {{Large Deviation Techniques and Applications.}},
    year = {1994},
    booktitle = {Journal of the American Statistical Association},
    author = {Dembo, Amir and Zeitouni, Ofer},
    number = {427},
    month = {9},
    pages = {1145},
    volume = {89},
    url = {https://www.jstor.org/stable/2290955?origin=crossref},
    doi = {10.2307/2290955},
    issn = {01621459}
}

@inproceedings{Nesti2018linefailures,
    title = {{Line failure probability bounds for power grids}},
    year = {2018},
    booktitle = {IEEE Power and Energy Society General Meeting},
    author = {Nesti, Tommaso and Zocca, Alessandro and Zwart, Bert},
    month = {7},
    pages = {1--5},
    volume = {2018-Janua},
    publisher = {IEEE},
    url = {http://ieeexplore.ieee.org/document/8274716/},
    isbn = {9781538622124},
    doi = {10.1109/PESGM.2017.8274716},
    issn = {19449933},
    arxivId = {1611.02338}
}

@article{Jung2016,
    title = {{Long-range response in ac electricity grids}},
    year = {2016},
    journal = {Physical Review E},
    author = {Jung, Daniel and Kettemann, Stefan},
    number = {1},
    month = {7},
    pages = {012307},
    volume = {94},
    publisher = {American Physical Society},
    url = {https://link.aps.org/doi/10.1103/PhysRevE.94.012307},
    doi = {10.1103/PhysRevE.94.012307}
}

@article{Kirtley2003,
    title = {{Massachusetts Institute of Technology Department of Electrical Engineering and Computer Science 6 . 061 Introduction to Power Systems Class Notes Chapter 5 Introduction To Load Flow ∗}},
    year = {2003},
    author = {Kirtley, J L},
    number = {1},
    pages = {1--9},
    isbn = {0000000000000},
    doi = {10.1016/S0024-4937(98)00043-7},
    issn = {1119994403}
}

@book{Slepian1968,
    title = {{Mathematical Foundations of Network Analysis}},
    year = {1968},
    author = {Slepian, Paul},
    pages = {204},
    series = {Springer Tracts in Natural Philosophy},
    volume = {16},
    publisher = {Springer Berlin Heidelberg},
    url = {http://link.springer.com/10.1007/978-3-642-87424-6},
    address = {Berlin, Heidelberg},
    isbn = {978-3-642-87426-0},
    doi = {10.1007/978-3-642-87424-6}
}

@article{Bhaumik2018,
    title = {{Mitigation of large power spills by an energy storage device in a stand alone energy system}},
    year = {2018},
    journal = {Journal of Energy Storage},
    author = {Bhaumik, Debarati and Crommelin, Daan and Zwart, Bert},
    month = {4},
    pages = {76--83},
    volume = {16},
    publisher = {Elsevier},
    url = {https://www.sciencedirect.com/science/article/pii/S2352152X16302407?via%3Dihub},
    isbn = {9781467397438},
    doi = {10.1016/j.est.2017.12.012},
    issn = {2352152X},
    keywords = {Importance function, Large power spills, Rare-event simulations, Splitting, Stochastic modeling, Storage device}
}

@article{Andersson2008,
    title = {{Modelling and Analysis of Electric Power Systems}},
    year = {2008},
    journal = {EEH-Power Systems Laboratory, Swiss Federal Institute of Technology (ETH)},
    author = {Andersson, G},
    number = {September},
    pages = {183},
    url = {http://www.eeh.ee.ethz.ch/uploads/tx_ethstudies/modelling_hs08_script_02.pdf%5Cnpapers2://publication/uuid/C02E33C3-873B-4BB5-801F-0C985F0D54C3},
    isbn = {978-0-13-691990-2},
    doi = {Lecture 227-0526-00}
}

@article{Siebenga2009,
    title = {{Norovirus Illness Is a Global Problem: Emergence and Spread of Norovirus GII.4 Variants, 2001–2007}},
    year = {2009},
    journal = {The Journal of Infectious Diseases},
    author = {Siebenga, J. Joukje and Vennema, Harry and Zheng, Du‐Ping and Vinj{\'{e}}, Jan and Lee, Bonita E. and Pang, Xiao‐Li and Ho, Eric C. M. and Lim, Wilina and Choudekar, Avinash and Broor, Shobha and Halperin, Tamar and Rasool, Nassar B. G. and Hewitt, Joanne and Greening, Gail E. and Jin, Miao and Duan, Zhao‐Jun and Lucero, Yalda and O’Ryan, Miguel and Hoehne, Marina and Schreier, Eckart and Ratcliff, Rodney M. and White, Peter A. and Iritani, Nobuhiro and Reuter, Gábor and Koopmans, Marion},
    number = {5},
    month = {9},
    pages = {802--812},
    volume = {200},
    publisher = {Oxford University Press},
    url = {https://academic.oup.com/jid/article-lookup/doi/10.1086/605127},
    isbn = {0022-1899 (Print){\textbackslash}r0022-1899 (Linking)},
    doi = {10.1086/605127},
    issn = {0022-1899},
    pmid = {19627248},
    keywords = {disease outbreaks, epidemic, epidemiology, genetics, genome, genotype, immunity, norovirus, pandemic, prevention, public health medicine, symptom onset, viral gastroenteritis}
}

@article{Kocher2015,
    title = {{Norovirus vaccines and potential antinorovirus drugs: recent advances and future perspectives.}},
    year = {2015},
    journal = {Future virology},
    author = {Kocher, Jacob and Yuan, Lijuan},
    number = {7},
    pages = {899--913},
    volume = {10},
    publisher = {NIH Public Access},
    url = {http://www.ncbi.nlm.nih.gov/pubmed/26568768 http://www.pubmedcentral.nih.gov/articlerender.fcgi?artid=PMC4643286},
    doi = {10.2217/fvl.15.57},
    issn = {1746-0794},
    pmid = {26568768},
    keywords = {antivirals, human norovirus, vaccines}
}

@misc{CentersforDiseaseControlandPrevention2016,
    title = {{Norovirus | Clinical Overview | CDC}},
    year = {2016},
    author = {{Centers for Disease Control and Prevention}},
    url = {https://www.cdc.gov/norovirus/hcp/clinical-overview.html}
}

@misc{Morillo2011,
    title = {{Norovirus: An overview}},
    year = {2011},
    booktitle = {Revista da Associacao Medica Brasileira},
    author = {Morillo, Simone Guadagnucci and Timenetsky, Maria do Carmo Sampaio Tavares Timenetsky},
    number = {4},
    pages = {453--458},
    volume = {57},
    url = {http://ac.els-cdn.com/S2255482311700947/1-s2.0-S2255482311700947-main.pdf?_tid=9df4f69e-1a16-11e7-a51e-00000aacb360&acdnat=1491407190_103531023675cbd30a274c97376fa1af},
    isbn = {0104-4230 (Print){\textbackslash}r0104-4230 (Linking)},
    doi = {10.1016/S0104-4230(11)70094-X},
    issn = {01044230},
    pmid = {21876931},
    keywords = {Diarrhea, Gastroenteritis, Norovirus}
}

@article{Lutz,
    title = {{Norovirus: an overview}},
    author = {Lutz, Adolfo and Center, Virology and Guadagnucci Morillo, Simone and Do, Maria and Sampaio, Carmo and Timenetsky, Tavares},
    url = {http://www.scielo.br/pdf/ramb/v57n4/en_v57n4a23.pdf},
    keywords = {Norovirus, diarrhea, gastroenteritis}
}

@article{Smale1972,
    title = {{On the mathematical foundations of electrical circuit theory}},
    year = {1972},
    journal = {Journal of Differential Geometry},
    author = {Smale, Stephen},
    number = {3},
    pages = {193--210},
    volume = {7},
    url = {projecteuclid.org/euclid.jdg/1214430827},
    doi = {10.4310/jdg/1214430827},
    issn = {0022-040X}
}

@techreport{Denholm2015,
    title = {{Overgeneration from Solar Energy in California: A Field Guide to the Duck Chart}},
    year = {2015},
    author = {Denholm, Paul and O'connell, Matthew and Brinkman, Gregory and Jorgenson, Jennie},
    url = {www.nrel.gov/publications.},
    institution = {National Renewable Energy Laboratory}
}

@book{bishop2006pattern,
    title = {{Pattern recognition and machine learning}},
    year = {2006},
    author = {Bishop, Christopher M},
    pages = {738},
    publisher = {springer},
    isbn = {978-0-387-31073-2}
}

@article{Reed1960,
    title = {{Polynomial Codes Over Certain Finite Fields}},
    year = {1960},
    journal = {Journal of the Society for Industrial and Applied Mathematics},
    author = {Reed, I. S. and Solomon, G.},
    number = {2},
    pages = {300--304},
    volume = {8},
    isbn = {0368-4245},
    doi = {10.1137/0108018},
    issn = {0368-4245},
    keywords = {citation doi, issn advanced search}
}

@article{Milano2013PSATManual,
    title = {{Power System Analysis Toolbox. Documentation for PSAT version 2.0.0}},
    year = {2013},
    author = {Milano, Federico},
    url = {http://faraday1.ucd.ie/psat.html},
    keywords = {F. Milano, Federico Milano, Matlab, Octave, PSAT, Power System Analysis Toolbox, Power system control, Power system modeling, Power system modelling, Power system scripting, Python, power system analysis, power system education, power system transient analysis}
}

@book{Milano2010book,
    title = {{Power system modelling and scripting}},
    year = {2010},
    author = {Milano, Frederico.},
    pages = {556},
    publisher = {Springer},
    url = {https://books.google.nl/books/about/Power_System_Modelling_and_Scripting.html?id=MQu7IqoLrfYC&redir_esc=y},
    isbn = {3642136699}
}

@article{Lodder2005,
    title = {{Presence of noroviruses and other enteric viruses in sewage and surface waters in The Netherlands}},
    year = {2005},
    journal = {Applied and Environmental Microbiology},
    author = {Lodder, W J and De Roda Husman, A. M.},
    number = {3},
    month = {3},
    pages = {1453--1461},
    volume = {71},
    publisher = {American Society for Microbiology (ASM)},
    url = {http://www.ncbi.nlm.nih.gov/pubmed/15746348 http://www.pubmedcentral.nih.gov/articlerender.fcgi?artid=PMC1065170},
    isbn = {0099-2240 (Print){\textbackslash}r0099-2240},
    doi = {10.1128/AEM.71.3.1453-1461.2005},
    issn = {00992240},
    pmid = {15746348}
}

@article{PyPSAEUR,
    title = {{PyPSA-Eur: An open optimisation model of the European transmission system}},
    year = {2018},
    journal = {Energy Strategy Reviews},
    author = {H{\"{o}}rsch, Jonas and Hofmann, Fabian and Schlachtberger, David and Brown, Tom},
    month = {6},
    pages = {207--215},
    volume = {22},
    url = {http://arxiv.org/abs/1806.01613 http://dx.doi.org/10.1016/j.esr.2018.08.012},
    doi = {10.1016/j.esr.2018.08.012},
    issn = {2211467X},
    arxivId = {1806.01613},
    keywords = {Electricity system model, Power plant dataset, Renewable power generation, Transmission network}
}

@article{PyPSA,
    title = {{PyPSA: Python for Power System Analysis}},
    year = {2018},
    journal = {Journal of Open Research Software},
    author = {Brown, Tom and H{\"{o}}rsch, Jonas and Schlachtberger, David},
    number = {1},
    month = {7},
    pages = {4},
    volume = {6},
    url = {http://arxiv.org/abs/1707.09913 http://dx.doi.org/10.5334/jors.188},
    doi = {10.5334/jors.188},
    arxivId = {1707.09913}
}

@inproceedings{Mehta2016,
    title = {{Recent advances in computational methods for the power flow equations}},
    year = {2016},
    booktitle = {Proceedings of the American Control Conference},
    author = {Mehta, Dhagash and Molzahn, Daniel K. and Turitsyn, Konstantin},
    month = {7},
    pages = {1753--1765},
    volume = {2016-July},
    publisher = {IEEE},
    url = {http://ieeexplore.ieee.org/document/7525170/},
    isbn = {9781467386821},
    doi = {10.1109/ACC.2016.7525170},
    issn = {07431619},
    arxivId = {1510.00073}
}

@article{Oort1958,
    title = {{Reports on the Progress of Astronomy the Galactic System as a Spiral Nebula}},
    year = {1958},
    journal = {Monthly Notices of the Royal Astronomical Society},
    author = {Oort, J. H. and Kerr, F. J. and Westerhout, G.},
    number = {4},
    month = {8},
    pages = {379--389},
    volume = {118},
    url = {https://academic.oup.com/mnras/article-lookup/doi/10.1093/mnras/118.4.379},
    doi = {10.1093/mnras/118.4.379},
    issn = {0035-8711}
}

@book{landsman2005requiem,
    title = {{Requiem voor newton}},
    year = {2005},
    author = {Landsman, Nicolaas Pieter},
    pages = {399},
    publisher = {Contact},
    address = {Amsterdam},
    isbn = {9789025426910}
}

@misc{SciGRIDv0.2,
    title = {{SciGRID - An Open Source Reference Model for the European Transmission Network (v0.2)}},
    year = {2016},
    author = {Matke, Carsten and Medjroubi, Wided and Kleinhans, David},
    month = {7},
    url = {http://www.scigrid.de},
    doi = {10.13140/RG.2.2.14596.12161}
}

@book{ross1996stochastic,
    title = {{Stochastic processes}},
    year = {1996},
    author = {Ross, Sheldon M and Kelly, John J and Sullivan, Roger J and Perry, William James and Mercer, Donald and Davis, Ruth M and Washburn, Thomas Dell and Sager, Earl V and Boyce, Joseph B and Bristow, Vincent L},
    volume = {2},
    publisher = {Wiley New York}
}

@techreport{Nesti2018supplemental,
    title = {{Supplemental Material for: Emergent failures and cascades in power grids: a statistical physics perspective}},
    year = {2018},
    author = {Nesti, Tommaso and Zocca, Alessandro and Zwart, Bert},
    url = {https://journals.aps.org/prl/supplemental/10.1103/PhysRevLett.120.258301/supplementarymaterial_2018_cameraready.pdf}
}

@article{WHO2016,
    title = {{The 2015 Cholera Report}},
    year = {2016},
    journal = {Weekly Epidemiological Record},
    author = {{WHO}},
    number = {38},
    pages = {433--440},
    volume = {91},
    url = {http://www.who.int/wer http://apps.who.int/iris/bitstream/10665/250142/1/WER9138.pdf?ua=1},
    doi = {September 23rd, 2016},
    issn = {0049-8114},
    pmid = {27665620}
}

@book{Horowitz1990,
    title = {{The Art of Electronics}},
    year = {1990},
    booktitle = {American Journal of Physics},
    author = {Horowitz, Paul and Winfield, Hill},
    pages = {1131},
    publisher = {Cambridge University Press},
    address = {Cambridge [England] ;},
    isbn = {0-521-37095-7},
    doi = {10.1119/1.16385},
    issn = {00029505},
    pmid = {3700264},
    arxivId = {cs/9605103}
}

@misc{AA.VV.2007,
    title = {{The DC Power Flow Equations}},
    year = {2007},
    author = {{AA.VV.}}
}

@article{Mast2009,
    title = {{The impact of rotavirus gastroenteritis on the family}},
    year = {2009},
    journal = {BMC Pediatrics},
    author = {Mast, T Christopher and DeMuro-Mercon, Carla and Kelly, Claudia M and Floyd, Leigh Ellen and Walter, Emmanuel B},
    number = {1},
    month = {12},
    pages = {11},
    volume = {9},
    url = {http://www.ncbi.nlm.nih.gov/pubmed/19200366},
    isbn = {1471-2431},
    doi = {10.1186/1471-2431-9-11},
    issn = {14712431},
    pmid = {19200366}
}

@article{Touchette2009,
    title = {{The large deviation approach to statistical mechanics}},
    year = {2009},
    journal = {Physics Reports},
    author = {Touchette, Hugo},
    number = {1-3},
    pages = {1--69},
    volume = {478},
    isbn = {0370-1573},
    doi = {10.1016/j.physrep.2009.05.002},
    issn = {03701573},
    pmid = {269284300001},
    arxivId = {0804.0327}
}

@article{Wu2009,
    title = {{The orbits of open clusters in the Galaxy}},
    year = {2009},
    journal = {Monthly Notices of the Royal Astronomical Society},
    author = {Wu, Zhen Yu and Zhou, Xu and Ma, Jun and Du, Cui Hua},
    number = {4},
    month = {11},
    pages = {2146--2164},
    volume = {399},
    url = {http://mnras.oxfordjournals.org/cgi/doi/10.1111/j.1365-2966.2009.15416.x},
    doi = {10.1111/j.1365-2966.2009.15416.x},
    issn = {00358711},
    arxivId = {astro-ph.GA/0909.3737},
    keywords = {Galaxy: disc, Galaxy: kinematics and dynamics, Open cluster and associations: general}
}

@misc{Lopman2016,
    title = {{The Vast and Varied Global Burden of Norovirus: Prospects for Prevention and Control}},
    year = {2016},
    booktitle = {PLoS Medicine},
    author = {Lopman, Benjamin A. and Steele, Duncan and Kirkwood, Carl D. and Parashar, Umesh D.},
    number = {4},
    month = {4},
    pages = {e1001999},
    volume = {13},
    publisher = {Public Library of Science},
    url = {http://dx.plos.org/10.1371/journal.pmed.1001999},
    isbn = {10.1371/journal.pmed.1001999},
    doi = {10.1371/journal.pmed.1001999},
    issn = {15491676},
    pmid = {27115709}
}

@article{Kestin1973,
    title = {{Theory of capillary viscometers}},
    year = {1973},
    journal = {Applied Scientific Research},
    author = {Kestin, J. and Sokolov, M. and Wakeham, W.},
    doi = {10.1007/BF00382489},
    issn = {00036994}
}

@article{Sung1999,
    title = {{UBVI CCD photometry of M35 (NGC 2168)}},
    year = {1999},
    journal = {Monthly Notices of the Royal Astronomical Society},
    author = {Sung, H. and Bessell, M. S.},
    number = {2},
    month = {6},
    pages = {361--370},
    volume = {306},
    url = {http://doi.wiley.com/10.1046/j.1365-8711.1999.02522.x},
    doi = {10.1046/j.1365-8711.1999.02522.x},
    issn = {00358711},
    keywords = {HERTZSPRUNG, OPEN CLUSTERS AND ASSOCIATIONS: INDIVIDUAL: M35 (, RUSSELL (HR) DIAGRAM}
}

@book{Matousek2007,
    title = {{Understanding and using linear programming}},
    year = {2007},
    author = {Matou{\v{s}}ek, Jiří and G{\"{a}}rtner, Bernd},
    pages = {222},
    publisher = {Springer},
    isbn = {9783540307174}
}

@article{Purchala,
    title = {{Usefulness of DC power flow for active power flow analysis}},
    year = {2005},
    journal = {IEEE Power Engineering Society General Meeting, 2005},
    author = {Purchala, K. and Meeus, L. and Van Dommelen, D. and Belmans, R.},
    pages = {2457--2462},
    publisher = {IEEE},
    url = {http://ieeexplore.ieee.org/document/1489581/},
    isbn = {0-7803-9157-8},
    doi = {10.1109/PES.2005.1489581},
    issn = {0537-9989},
    pmid = {22967994}
}

@book{Maassen2012,
    title = {{Voortgezette Kansrekening}},
    year = {2012},
    author = {Maassen, Hans},
    publisher = {Radboud University Nijmegen}
}

@techreport{EuropeanEnvironmentAgency2016,
    title = {{Water- and food-borne diseases}},
    year = {2016},
    author = {{European Environment Agency}},
    url = {http://www.eea.europa.eu/data-and-maps/indicators/water-and-food-borne-diseases-1/assessment/#water-and-food-borne-diseases}
}

@techreport{Qi2018,
    title = {{Wind Curtailment in China and Lessons from the United States}},
    year = {2018},
    author = {Ye, Qi and Jiaqi, Lu and Mengye, Zhu},
    url = {https://www.brookings.edu/wp-content/uploads/2018/03/wind-curtailment-in-china-and-lessons-from-the-united-states.pdf},
    institution = {Brookings}
}

@article{Touchette2011ASimulations,
    title = {{A basic introduction to large deviations: Theory, applications, simulations}},
    year = {2011},
    author = {Touchette, Hugo},
    month = {6},
    url = {http://arxiv.org/abs/1106.4146},
    arxivId = {1106.4146}
}

@article{Thulasiraman2003CircuitTheory,
    title = {{Circuit Theory}},
    year = {2003},
    journal = {Encyclopedia of Physical Science and Technology},
    author = {Thulasiraman, Krishnaiyan},
    month = {1},
    pages = {831--841},
    publisher = {Academic Press},
    url = {https://www.sciencedirect.com/science/article/pii/B0122274105001058},
    isbn = {9780122274107},
    doi = {10.1016/B0-12-227410-5/00105-8}
}

@book{Hollander2000LargeDeviations,
    title = {{Large deviations}},
    year = {2000},
    author = {Hollander, F. den (Frank)},
    pages = {143},
    publisher = {American Mathematical Society},
    address = {Providence, RI :},
    isbn = {0821819895},
    issn = {1069-5273 ;}
}

@article{Rolls2007LargeUndergrads,
    title = {{Large Deviations: Advanced Probability for Undergrads}},
    year = {2007},
    journal = {Journal of Statistics Education},
    author = {Rolls, David A.},
    number = {3},
    month = {11},
    volume = {15},
    url = {https://www.tandfonline.com/doi/full/10.1080/10691898.2007.11889545},
    doi = {10.1080/10691898.2007.11889545},
    issn = {1069-1898}
}

@book{Rynne2008LinearAnalysis,
    title = {{Linear Functional Analysis}},
    year = {2008},
    author = {Rynne, Bryan P. and Youngson, Martin A.},
    pages = {324},
    publisher = {Springer},
    url = {https://ru.on.worldcat.org/oclc/234775031},
    address = {London :},
    isbn = {9781848000049}
}

@article{Kettner2017OnMatrix,
    title = {{On the Properties of the Power Systems Nodal Admittance Matrix}},
    year = {2017},
    author = {Kettner, Andreas Martin and Paolone, Mario},
    month = {2},
    url = {http://arxiv.org/abs/1702.07235 http://dx.doi.org/10.1109/TPWRS.2017.2719583},
    doi = {10.1109/TPWRS.2017.2719583},
    arxivId = {1702.07235}
}

@article{Annestrand2003PowerHigh-Voltage,
    title = {{Power Transmission, High-Voltage}},
    year = {2003},
    journal = {Encyclopedia of Physical Science and Technology},
    author = {Annestrand, S.A.},
    month = {1},
    pages = {35--55},
    publisher = {Academic Press},
    url = {https://www.sciencedirect.com/science/article/pii/B0122274105006086},
    isbn = {9780122274107},
    doi = {10.1016/B0-12-227410-5/00608-6}
}

@article{2015WHODeaths,
    title = {{WHO | WHO’s first ever global estimates of foodborne diseases find children under 5 account for almost one third of deaths}},
    year = {2015},
    journal = {WHO},
    publisher = {World Health Organization},
    url = {http://www.who.int/mediacentre/news/releases/2015/foodborne-disease-estimates/en/},
    keywords = {Press release [doctype], food poisoning, food safety [subject], foodborne disease [subject], salmonella [subject], salmonella infections}
}

@article{Migault2018Whole-BrainZebrafish,
    title = {{Whole-Brain Calcium Imaging during Physiological Vestibular Stimulation in Larval Zebrafish}},
    year = {2018},
    journal = {Current Biology},
    author = {Migault, Geoffrey and van der Plas, Thijs L. and Trentesaux, Hugo and Panier, Thomas and Candelier, Raphaël and Proville, Rémi and Englitz, Bernhard and Debr{\'{e}}geas, Georges and Bormuth, Volker},
    number = {23},
    month = {12},
    pages = {3723--3735},
    volume = {28},
    publisher = {Cell Press},
    url = {https://www.sciencedirect.com/science/article/pii/S0960982218313460},
    doi = {10.1016/J.CUB.2018.10.017},
    issn = {0960-9822}
}